@inproceedings{liu2019deep,
    title={Deep Learning Accelerated Light Source Experiments},
    author={Zhengchun Liu and Tekin Bicer and Rajkumar Kettimuthu and Ian Foster},
    year={2019},
    booktitle={2019 IEEE/ACM Third Workshop on Deep Learning on Supercomputers (DLS)},
    pages={20--28},
    doi={10.1109/DLS49591.2019.00008}
}

@article{liu2020tomogan,
  title={{TomoGAN}: low-dose synchrotron x-ray tomography with generative adversarial networks: discussion},
  author={Liu, Zhengchun and Bicer, Tekin and Kettimuthu, Rajkumar and Gursoy, Doga and De Carlo, Francesco and Foster, Ian},
  journal={Journal of the Optical Society of America A},
  volume={37},
  number={3},
  pages={422--434},
  year={2020},
  doi={10.1364/JOSAA.375595},
  publisher={Optical Society of America}
}

@article{TomoBank,
	doi = {10.1088/1361-6501/aa9c19},
	year = 2018,
	month = {feb},
	publisher = {{IOP} Publishing},
	volume = {29},
	number = {3},
	pages = {034004},
	author = {Francesco De Carlo and Do{\u{g}}a Gürsoy and Daniel J Ching and K Joost Batenburg and Wolfgang Ludwig and Lucia Mancini and Federica Marone and Rajmund Mokso and Daniël M Pelt and Jan Sijbers and Mark Rivers},
	title = {{TomoBank}: a tomographic data repository for computational x-ray science},
	journal = {Measurement Science and Technology},
}

@article{goodfellow2014gan,
  title={Generative Adversarial Networks}, 
  author={Ian J. Goodfellow and Jean Pouget-Abadie and Mehdi Mirza and Bing Xu and David Warde-Farley and Sherjil Ozair and Aaron Courville and Yoshua Bengio},
  year={2014},
  eprint={1406.2661},
  archivePrefix={arXiv},
}

@article{goodfellow2020gan,
author = {Goodfellow, Ian and Pouget-Abadie, Jean and Mirza, Mehdi and Xu, Bing and Warde-Farley, David and Ozair, Sherjil and Courville, Aaron and Bengio, Yoshua},
title = {Generative Adversarial Networks},
year = {2020},
issue_date = {November 2020},
volume = {63},
number = {11},
doi = {10.1145/3422622},
journal = {Commun. ACM},
month = oct,
pages = {139–144},
numpages = {6}
}